@online{
    gov1,
    author = "PortalÚnicoDelEstadoColombiano",
    title = "Casos positivos de COVID-19 en Colombia",
    year = "2020",
    url = "https://www.datos.gov.co/Salud-y-Protecci-n-Social/Casos-positivos-de-COVID-19-en-Colombia/gt2j-8ykr",
}

@online{
    docSql,
    author = "PythonSoftwareFoundation",
    title = "sqlite3 — DB-API 2.0 interface for SQLite databases",
    year = "2020",
    url = "https://docs.python.org/2/library/sqlite3.html",
}

@online{
    gov2,
    author = "PortalÚnicoDelEstadoColombiano",
    title = "Datos abiertos del Coronavirus COVID-19 en Colombia por Ciudad",
    year = "2020",
    url = "https://www.datos.gov.co/Salud-y-Protecci-n-Social/Datos-Abiertos-del-Coronavirus-COVID-19-por-ciudad/hvyw-6ti5",
}

@online{
    docPandas,
    author = "thePandasDevelopmentTeam",
    title = "pandas.readcsv",
    year = "2019",
    url = "https://pandas.pydata.org/pandas-docs/stable/reference/api/pandas.readcsv.html",
}